@book{handbookar,
 editor = {Robinson, Alan and Voronkov, Andrei},
 title = {Handbook of Automated Reasoning},
 year = {2001},
 isbn = {0-444-50812-0},
 publisher = {Elsevier Science Publishers B. V.},
 address = {Amsterdam, The Netherlands, The Netherlands},
} 

@InProceedings{yices,
  author =   {Dutertre, Bruno},
  title =    {Yices 2.2},
  booktitle = {Computer-Aided Verification (CAV'2014)},
  editor =       {Biere, Armin and Bloem, Roderick},
  year =     2014,
  volume =       8559,
  series =       {Lecture Notes in Computer Science},
  pages =        {737--744},
  month =    {July},
  publisher =    {Springer}
}

@conference {smtexample1,
	title = {HiFrog: SMT-based Function Summarization for Software Verification},
	booktitle = {23rd International Conference on Tools and Algorithms for the Construction and Analysis of Systems (TACAS)},
	year = {2017},
	publisher = {Springer},
	organization = {Springer},
	address = {Uppsala},
	abstract = {<p>Abstract. Function summarization can be used as a means of incremental\&nbsp;<span style="font-size: 13.008px;">verication based on the structure of the program. HiFrog is\&nbsp;</span><span style="font-size: 13.008px;">a fully featured function-summarization-based model checker that uses\&nbsp;</span><span style="font-size: 13.008px;">SMT as the modeling and summarization language. The tool supports\&nbsp;</span><span style="font-size: 13.008px;">three encoding precisions through SMT: uninterpreted functions, linear\&nbsp;</span><span style="font-size: 13.008px;">real arithmetics, and propositional logic. In addition the tool allows optimized\&nbsp;</span><span style="font-size: 13.008px;">traversal of reachability properties, counter-example-guided summary\&nbsp;</span><span style="font-size: 13.008px;">renement, summary compression, and user-provided summaries.\&nbsp;</span><span style="font-size: 13.008px;">We describe the use of the tool through the description of its architecture\&nbsp;</span><span style="font-size: 13.008px;">and a rich set of features. The description is complemented by an experimental\&nbsp;</span><span style="font-size: 13.008px;">evaluation on the practical impact the dierent SMT precisions\&nbsp;</span><span style="font-size: 13.008px;">have on model-checking.</span></p>
<style type="text/css">
p.p1 {margin: 0.0px 0.0px 0.0px 0.0px; font: 9.0px Helvetica}</style>
},
	url = {https://link.springer.com/chapter/10.1007/978-3-662-54580-5_12 },
	author = {Leonardo Alt and Sepideh Asadi and Hana Chockler and Karine Even Mendoza and Grigory Fedyukovich and Antti E. J. Hyv{\"a}rinen and Natasha Sharygina}
}

@conference{smtexample3,
  author    = {Rajdeep Mukherjee and
               Mitra Purandare and
               Raphael Polig and
               Daniel Kroening},
  title     = {Formal Techniques for Effective Co-verification of Hardware/Software
               Co-designs},
  booktitle = {Proceedings of the 54th Annual Design Automation Conference, {DAC}
               2017, Austin, TX, USA, June 18-22, 2017},
  pages     = {35:1--35:6},
  year      = {2017},
  url       = {http://doi.acm.org/10.1145/3061639.3062253},
  doi       = {10.1145/3061639.3062253},
  timestamp = {Mon, 17 Jul 2017 12:46:02 +0200},
  biburl    = {http://dblp.uni-trier.de/rec/bib/conf/dac/MukherjeePPK17},
  bibsource = {dblp computer science bibliography, http://dblp.org}
}

@book{lp,
 author = {Dantzig, George B. and Thapa, Mukund N.},
 title = {Linear Programming 1: Introduction},
 year = {1997},
 isbn = {0-387-94833-3},
 publisher = {Springer-Verlag New York, Inc.},
 address = {Secaucus, NJ, USA},
} 

@article{smtexample4,
  author    = {Rajdeep Mukherjee and
               Peter Schrammel and
               Leopold Haller and
               Daniel Kroening and
               Tom Melham},
  title     = {Lifting {CDCL} to Template-based Abstract Domains for Program Verification},
  journal   = {CoRR},
  volume    = {abs/1707.02011},
  year      = {2017},
  url       = {http://arxiv.org/abs/1707.02011},
  timestamp = {Sat, 05 Aug 2017 01:00:00 +0200},
  biburl    = {http://dblp.uni-trier.de/rec/bib/journals/corr/MukherjeeSHKM17},
  bibsource = {dblp computer science bibliography, http://dblp.org}
}

@inproceedings{smtexample2,
  author = {Rajdeep Mukherjee and Daniel Kroening and Tom Melham},
  title = {Hardware Verification Using Software Analyzers},
  booktitle = {2015 {IEEE} Computer Society Annual Symposium on VLSI, {ISVLSI} 2015,
                  Montpellier, France, July 8-10, 2015},
  pages = {7--12},
  year = {2015},
  publisher = {{IEEE} Computer Society},
  doi = {10.1109/ISVLSI.2015.107}
}


@inproceedings{opensmt,
    author = {Bruttomesso, Roberto and Pek, Edgar and Sharygina, Natasha and Tsitovich, Aliaksei},
    title = {The OpenSMT Solver},
    booktitle = {Proceedings of the 16th International Conference on Tools and Algorithms for the Construction and Analysis of Systems},
    series = {TACAS'10},
    year = {2010},
    isbn = {3-642-12001-6, 978-3-642-12001-5},
    location = {Paphos, Cyprus},
    pages = {150--153},
    numpages = {4},
    url = {http://dx.doi.org/10.1007/978-3-642-12002-2_12},
    doi = {10.1007/978-3-642-12002-2_12},
    acmid = {2175570},
    publisher = {Springer-Verlag},
    address = {Berlin, Heidelberg},
}

@inproceedings{Brun04findinglatent,
    author = {Brun, Yuriy and Ernst, Michael D.},
    title = {Finding Latent Code Errors via Machine Learning over Program Executions},
    booktitle = {Proceedings of the 26th International Conference on Software Engineering},
    series = {ICSE '04},
    year = {2004},
    isbn = {0-7695-2163-0},
    pages = {480--490},
    numpages = {11},
    url = {http://dl.acm.org/citation.cfm?id=998675.999452},
    acmid = {999452},
    publisher = {IEEE Computer Society},
    address = {Washington, DC, USA},
}

@Inbook{Garg2014,
    author= { Garg, Pranav
             and L{\"o}ding, Christof
             and Madhusudan, P.
             and Neider, Daniel,
             and Bloem, Roderick
             },
    title= {"ICE: A Robust Framework for Learning Invariants"},
    bookTitle= {"Computer Aided Verification: 26th International Conference, CAV 2014, Held as Part of the Vienna Summer
                of Logic, VSL 2014, Vienna, Austria, July 18-22, 2014. Proceedings"},
    year= {"2014"},
    publisher= {"Springer International Publishing"},
    address= {"Cham"},
    pages= {"69--87"},
    isbn= {"978-3-319-08867-9"},
    doi= {"10.1007/978-3-319-08867-9_5"},
    url= {"http://dx.doi.org/10.1007/978-3-319-08867-9_5"}
}

@Inbook{Sharma_interpolantsas,
    author="Sharma, Rahul
    and Nori, Aditya V.
    and Aiken, Alex",
    title="Interpolants as Classifiers",
    bookTitle="Computer Aided Verification: 24th International Conference, CAV 2012, Berkeley, CA, USA, July 7-13, 2012 Proceedings",
    year="2012",
    publisher="Springer Berlin Heidelberg",
    address="Berlin, Heidelberg",
    pages="71--87",
    isbn="978-3-642-31424-7",
    doi="10.1007/978-3-642-31424-7_11",
    url="http://dx.doi.org/10.1007/978-3-642-31424-7_11"
}

@article{rice,
    ISSN = {00029947},
    URL = {http://www.jstor.org/stable/1990888},
    author = {H. G. Rice},
    journal = {Transactions of the American Mathematical Society},
    number = {2},
    pages = {358-366},
    publisher = {American Mathematical Society},
    title = {Classes of Recursively Enumerable Sets and Their Decision Problems},
    volume = {74},
    year = {1953}
}


@article{turing,
    added-at = {2014-03-17T15:41:01.000+0100},
    annote = {Turing's famous demonstration of the formal limits on computation based on a proof that the {\em halting problem} is undecidable.},
    author = {Turing, Alan M.},
    biburl = {https://www.bibsonomy.org/bibtex/2b51d7b5c67fb98e0117bc176ee5fd5cf/fibso},
    interhash = {8ac1f5e961ff74849ab6f0c7348b9c9c},
    intrahash = {b51d7b5c67fb98e0117bc176ee5fd5cf},
    journal = {Proceedings of the London Mathematical Society},
    keywords = {halting},
    number = 42,
    pages = {230--265},
    timestamp = {2014-03-17T15:41:01.000+0100},
    title = {On Computable Numbers, with an Application to the {E}ntscheidungsproblem},
    url = {http://www.cs.helsinki.fi/u/gionis/cc05/OnComputableNumbers.pdf},
    volume = 2,
    year = 1936
}


@inproceedings{Jain,
    author = {Jain, Jawahar and Mukherjee, Rajarshi and Fujita, Masahiro},
    title = {Advanced Verification Techniques Based on Learning},
    booktitle = {Proceedings of the 32Nd Annual ACM/IEEE Design Automation Conference},
    series = {DAC '95},
    year = {1995},
    isbn = {0-89791-725-1},
    location = {San Francisco, California, USA},
    pages = {420--426},
    numpages = {7},
    url = {http://doi.acm.org/10.1145/217474.217564},
    doi = {10.1145/217474.217564},
    acmid = {217564},
    publisher = {ACM},
    address = {New York, NY, USA},
}

@misc{survey,
    author = {Wolfgang Wögerer },
    location = {Technische Universität Wien},
    title = {A Survey of Static Program Analysis Techniques},
    year = {2005}
}


@article{dkw2008,
    title = "A Survey of Automated Techniques for Formal Software Verification",
    author = "Vijay D'Silva and Daniel Kroening and Georg Weissenbacher",
    year = "2008",
    journal = "IEEE Transactions on Computer-Aided Design of Integrated Circuits and Systems (TCAD)",
    month = "July",
    number = "7",
    pages = "1165-1178",
    publisher = "IEEE",
    url = "http://dx.doi.org/10.1109/TCAD.2008.923410",
    volume = "27",
    doi = "10.1109/TCAD.2008.923410",
}

@article{KrishnaPW15,
    author    = {Siddharth Krishna and
                 Christian Puhrsch and
                 Thomas Wies},
    title     = {Learning Invariants using Decision Trees},
    journal   = {CoRR},
    volume    = {abs/1501.04725},
    year      = {2015},
    url       = {http://arxiv.org/abs/1501.04725},
    timestamp = {Mon, 02 Feb 2015 14:12:25 +0100},
    biburl    = {http://dblp.uni-trier.de/rec/bib/journals/corr/KrishnaPW15},
    bibsource = {dblp computer science bibliography, http://dblp.org}
}

@article{milena,
    author = {Milena Vujošević Janičić},
    title  = {Regresiona verifikacija softvera korišćenjem sistema LAV},
    journal = "InfoM",
    publisher = "InfroM",
    volume = {13},
    number = {49},
    pages = {14-20},
    year    = {2014}
}


@phdthesis{milenaphd,
    author       = {Milena Vujošević Janičić},
    title        = {Automatsko generisanje i proveravanje uslova ispravnosti programa},
    school       = {Matematički fakultet, Univerzitet u Beogradu},
    year         = 2013,
}

@book{tom-ml,
    author    = {Tom M. Mitchell},
    title     = {Machine Learning},
    publisher = {McGraw Hill},
    year      = 1997,
    volume    = 1,
    isbn      = {0071154671}
}

@book{old-cv,
    author    = {Dana H. Ballard, Christopher M. Brown},
    title     = {Computer vision},
    publisher = {Prenice-Hall, Inc.},
    year      = 1982,
    isbn      = {0-13-165316-4}
}

@article{new-cv,
    author    = {Ren Wu and Shengen Yan and Yi Shan and Qingqing Dang and Gang Sun},
    title     = {Deep Image: Scaling up Image Recognition},
    journal   = {CoRR},
    volume    = {abs/1501.02876},
    year      = {2015},
    note      = {Withdrawn.},
    url       = {http://arxiv.org/abs/1501.02876},
    timestamp = {Wed, 09 Nov 2016 16:21:25 +0100},
    biburl    = {http://dblp.uni-trier.de/rec/bib/journals/corr/WuYSDS15},
    bibsource = {dblp computer science bibliography, http://dblp.org}
}

@MISC{dct-survey,
    author = {S. Rasoul Safavian, David Landgrebe},
    title = {A Survey of Decision Tree Classifier Methodology},
    year = {1991}
}

@book{svm-intro,
    author    = {Nello Christianini, John Shawe-Taylor},
    title     = {An introduction to support vector machines},
    publisher = {Cambridge university press},
    year      = 2000,
    volume    = 1
}

@article{obdd,
    author = {Bryant, Randal E.},
    title = {Graph-Based Algorithms for Boolean Function Manipulation},
    journal = {IEEE Trans. Comput.},
    issue_date = {August 1986},
    volume = {35},
    number = {8},
    month = aug,
    year = {1986},
    issn = {0018-9340},
    pages = {677--691},
    numpages = {15},
    url = {http://dx.doi.org/10.1109/TC.1986.1676819},
    doi = {10.1109/TC.1986.1676819},
    acmid = {6433},
    publisher = {IEEE Computer Society},
    address = {Washington, DC, USA},
    keywords = {Boolean functions, binary decision diagrams, logic design verification, symbolic manipulation, symbolic manipulation, Boolean functions, binary decision diagrams, logic design verification},
}

@INPROCEEDINGS{eval-obdd,
    author={M. Fujita and H. Fujisawa and N. Kawato},
    booktitle={[1988] IEEE International Conference on Computer-Aided Design (ICCAD-89) Digest of Technical Papers},
    title={Evaluation and improvement of Boolean comparison method based on binary decision diagrams},
    year={1988},
    pages={2-5},
    keywords={logic CAD;logic testing;Boolean comparison method;ISCAS benchmark circuits;benchmark circuits;binary decision diagrams;circuit diagram;circuit evaluation ordering;number of crosspoints;test pattern generation;variable ordering;Benchmark testing;Binary decision diagrams;Boolean functions;Central Processing Unit;Circuits;Data structures;Input variables;Laboratories;Logic;Test pattern generators},
    doi={10.1109/ICCAD.1988.122450},
    month={Nov},}

@INPROCEEDINGS{logic-ver-synth},
    author={S. Malik and A. R. Wang and R. K. Brayton and A. Sangiovanni-Vincentelli},
    booktitle={[1988] IEEE International Conference on Computer-Aided Design (ICCAD-89) Digest of Technical Papers},
    title={Logic verification using binary decision diagrams in a logic synthesis environment},
    year={1988},
    pages={6-9},
    keywords={Boolean functions;logic CAD;logic testing;Boolean functions;MIS;binary decision diagrams;canonical representations;cube enumeration;formal logic verification system;functional equivalence;multilevel logic synthesis system;variable ordering;Binary decision diagrams;Boolean functions;Data structures;Logic circuits;Logic testing;Network synthesis;Network topology;Programmable logic arrays},
    doi={10.1109/ICCAD.1988.122451},
    month={Nov},}

@Inbook{Kroening2008,
    author="Kroening, Daniel
    and Strichman, Ofer",
    title="Linear Arithmetic",
    bookTitle="Decision Procedures: An Algorithmic Point of View",
    year="2008",
    publisher="Springer Berlin Heidelberg",
    address="Berlin, Heidelberg",
    pages="111--147",
    isbn="978-3-540-74105-3",
    doi="10.1007/978-3-540-74105-3_5",
    url="http://dx.doi.org/10.1007/978-3-540-74105-3_5"
}

@inproceedings{Daikon,
    author = {Ernst, Michael D. and Cockrell, Jake and Griswold, William G. and Notkin, David},
    title = {Dynamically Discovering Likely Program Invariants to Support Program Evolution},
    booktitle = {Proceedings of the 21st International Conference on Software Engineering},
    series = {ICSE '99},
    year = {1999},
    isbn = {1-58113-074-0},
    location = {Los Angeles, California, USA},
    pages = {213--224},
    numpages = {12},
    url = {http://doi.acm.org/10.1145/302405.302467},
    doi = {10.1145/302405.302467},
    acmid = {302467},
    publisher = {ACM},
    address = {New York, NY, USA},
    keywords = {dynamic analysis, execution traces, formal specification, logical inference, pattern recognition, program invariants, software evolution}
}
